%% Saved with string encoding Unicode (UTF-8) 
@article{Paskin_1999_a,
	author={N. Paskin}, 
	journal={Proceedings of the IEEE}, 
	title={Toward unique identifiers}, 
	year={1999}, 
	volume={87}, 
	number={7}, 
	pages={1208-1227}, 
	doi={10.1109/5.771073}, 
	ISSN={0018-9219}, 
	month={Jul}}

@techreport{TechReportTest,
	Author = {A. N. Other and Y. A. Nother},
	Howpublished = {Accessed July 21, 2014: \url{http:www.example.com}},
	Institution = {A Very Important Laboratory},
	Title = {A technical report},
	Year = {2014}}

@misc{texstackexchange,
	Author = {Anon.},
	Howpublished = {Accessed July 21, 2014: \href{http://tex.stackexchange.com}{http://tex.stackexchange.com}},
	Title = {\TeX -- \LaTeX Stack Exchange},
	Year = {2014}}

@book{chicago,
	Author = {{The University of Chicago Press Editorial Staff}},
	Edition = {17th},
	Key = {Chicago},
	Publisher = {University of Chicago Press},
	Title = {The Chicago Manual of Style},
	Year = 2017},
	doi={10.7208/cmos17}}

@book{Knuth_1984_a,
	Author = {Donald E. Knuth},
	Publisher = {Addison-Wesley},
	Title = {The {{\TeX}book}},
	Year = {1984}}

@book{Lamport_1986_a,
	Author = {Leslie Lamport},
	Publisher = {Addison-Wesley},
	Title = {{\LaTeX \rm:} {A} Document Preparation System},
	Year = 1986}
